@book{albertsessential,
  title={Essential Cell Biology},
  year={2009},
  edition =	 {Third},
  publisher = {Garland Science: New York},
  author={Alberts, B and Bray, D and Hopkin, K and Johnson, A and Lewis, J and Raff, M and Roberts, K and Walter, P},
}

@article{watson1953molecular,
  title={Molecular structure of nucleic acids},
  author={Watson, James D and Crick, Francis HC and others},
  journal={Nature},
  volume={171},
  number={4356},
  pages={737--738},
  year={1953}
}

@article{beaton1999eukaryotic,
  title={Eukaryotic non-coding DNA is functional: evidence from the differential scaling of cryptomonad genomes},
  author={Beaton, Margaret J and Cavalier-Smithf, Thomas},
  journal={Proceedings of the Royal Society of London. Series B: Biological Sciences},
  volume={266},
  number={1433},
  pages={2053--2059},
  year={1999},
  publisher={The Royal Society}
}

@article{leung2013coral,
  title={CoRAL: predicting non-coding RNAs from small RNA-sequencing data},
  author={Leung, Yuk Yee and Ryvkin, Paul and Ungar, Lyle H and Gregory, Brian D and Wang, Li-San},
  journal={Nucleic acids research},
  volume={41},
  number={14},
  pages={e137--e137},
  year={2013},
  publisher={Oxford Univ Press}
}

@article{xu2012statistical,
  title={Statistical evaluation of improvement in RNA secondary structure prediction},
  author={Xu, Zhenjiang and Almudevar, Anthony and Mathews, David H},
  journal={Nucleic acids research},
  volume={40},
  number={4},
  pages={e26--e26},
  year={2012},
  publisher={Oxford Univ Press}
}

@article{conn1998rna,
  title={RNA structure},
  author={Conn, Graeme L and Draper, David E},
  journal={Current opinion in structural biology},
  volume={8},
  number={3},
  pages={278--285},
  year={1998},
  publisher={Elsevier}
}

@incollection{condon2003problems,
  title={Problems on RNA secondary structure prediction and design},
  author={Condon, Anne},
  booktitle={Automata, Languages and Programming},
  pages={22--32},
  year={2003},
  publisher={Springer}
}

@incollection{hofacker2008rna,
  title={RNA consensus structure prediction with RNAalifold},
  author={Hofacker, Ivo L},
  booktitle={Comparative Genomics},
  pages={527--543},
  year={2008},
  publisher={Springer}
}

@article{tinoco1999rna,
  title={How RNA folds},
  author={Tinoco Jr, Ignacio and Bustamante, Carlos},
  journal={Journal of molecular biology},
  volume={293},
  number={2},
  pages={271--281},
  year={1999},
  publisher={Elsevier}
}

@book{neidle2010principles,
  title={Principles of nucleic acid structure},
  author={Neidle, Stephen},
  year={2010},
  publisher={Academic Press}
}

@Book{bible,
  author =	 {Lamport, Leslie},
  title = 	 {{LaTeX} : A Documentation Preparation System User's Guide and Reference Manual},
  publisher = {Adison-Wesley},
  year = 	 {1994},
  edition =	 {Second}
}

@Book{doggie,
  author =	 {Goossens, Michel and Mittelbach, Frank and Samarin, Alexander},
  title = 	 {The {LaTeX} Companion},
  publisher = {Addison-Wesley},
  year = 	 {1994}
}

